<record><leader>00000cas a22000007a 4500</leader><controlfield tag="001">14517240</controlfield><controlfield tag="008">861024d18981910msudr ne      0    0eng d</controlfield><datafield ind1=" " ind2=" " tag="010"><subfield code="a">sn 86074038 </subfield></datafield><datafield ind1=" " ind2=" " tag="040"><subfield code="a">MJA</subfield><subfield code="b">eng</subfield><subfield code="c">MJA</subfield><subfield code="d">MSJ</subfield><subfield code="d">NVF</subfield><subfield code="d">OCLCQ</subfield><subfield code="d">CUS</subfield><subfield code="d">DLC</subfield></datafield><datafield ind1=" " ind2=" " tag="042"><subfield code="a">msc</subfield></datafield><datafield ind1="1" ind2="4" tag="050"><subfield code="a">AN</subfield></datafield><datafield ind1="0" ind2="4" tag="245"><subfield code="a">The Biloxi daily herald.</subfield></datafield><datafield ind1=" " ind2=" " tag="260"><subfield code="a">Biloxi, Miss. :</subfield><subfield code="b">George W. Wilkes,</subfield><subfield code="c">1898-1910.</subfield></datafield><datafield ind1=" " ind2=" " tag="300"><subfield code="a">v.</subfield></datafield><datafield ind1=" " ind2=" " tag="310"><subfield code="a">Daily</subfield></datafield><datafield ind1="0" ind2=" " tag="362"><subfield code="a">Vol. 1, no. 1 (Aug. 16, 1898)-v. 12, no. 260 (June 13, 1910).</subfield></datafield><datafield ind1=" " ind2=" " tag="580"><subfield code="a">Weekly ed.: Biloxi herald.</subfield></datafield><datafield ind1=" " ind2=" " tag="752"><subfield code="a">United States</subfield><subfield code="b">Mississippi</subfield><subfield code="c">Harrison</subfield><subfield code="d">Biloxi.</subfield></datafield><datafield ind1="1" ind2=" " tag="775"><subfield code="t">Biloxi herald</subfield><subfield code="x">2575-3495</subfield><subfield code="w">(DLC)sn 86074039</subfield><subfield code="w">(OCoLC)14517108</subfield></datafield><datafield ind1="0" ind2="7" tag="785"><subfield code="t">Gulfport daily herald</subfield><subfield code="w">(DLC)sn 88067019</subfield></datafield><datafield ind1="0" ind2="7" tag="785"><subfield code="t">Daily herald (Biloxi, Miss.)</subfield><subfield code="w">(DLC)sn 84020111</subfield><subfield code="w">(OCoLC)10362366</subfield></datafield><datafield ind1="4" ind2="1" tag="856"><subfield code="3">08/16/1898 to 12/30/1900</subfield><subfield code="u">http://infoweb.newsbank.com/?db=EANX&amp;s_browseRef=decades/114D41BBC744C378/all.xml</subfield></datafield></record>